% This file was created with JabRef 2.10.
% Encoding: UTF-8


@InCollection{pub7,
  Title                    = {Baseculturale.it: Un portale semantico per I beni culturali.},
  Author                   = {A.Ciapetti AND M.De Vizia AND A.Donnini AND M.Lorenzini AND M.E.Masci AND D.Merlitti AND F.Piro AND O.Signore},
  Booktitle                = {Quaderni dell centro studi Magna Grecia},
  Publisher                = {Universita Federico II di Napoli Centro interdipartimentale di studi sulla Magna Grecia},
  Year                     = {2012},

  Owner                    = {matteo},
  Timestamp                = {2013.08.12}
}

@Article{pub10,
  Title                    = {Skossifing User Generated Content},
  Author                   = {A.Ciapetti AND M.De Vizia AND A.Donnini AND M.Lorenzini AND M.E.Masci AND D.Merlitti AND F.Piro AND O.Signore.},
  Journal                  = {Conference on Information Technologies for Performing Arts, Media Access and Entertainment-ECLAP2012-},
  Year                     = {2012},
  Pages                    = {137-142},

  Owner                    = {matteo},
  Timestamp                = {2014.03.14}
}

@InProceedings{pub9,
  Title                    = {Lifting communities towards Semantic Web.},
  Author                   = {A.Ciapetti AND M.De Vizia AND A.Donnini AND M.Lorenzini AND M.E.Masci AND D.Merlitti AND F.Piro AND O.Signore.},
  Booktitle                = {5th International Congress "Science and Technology for the Safeguard of Cultural Heritage in the Mediterranean Basin"},
  Year                     = {2011},

  Owner                    = {matteo},
  Timestamp                = {2013.08.12}
}

@InProceedings{pub1,
  Title                    = {Spatial and non-spatial archaeological data integration using MAD.},
  Author                   = {A.D'Andrea AND A.Felicetti AND M.Lorenzini AND C.Perlingieri},
  Booktitle                = {Proceedings of the 35th International Conference on Computer Applications and Quantitative Methods in Archaeology},
  Year                     = {2008},
  Editor                   = {P.Axel AND K.Lambers AND I.Herzog},
  Note                     = {ISBN 9783774935563},
  Pages                    = {241},

  Owner                    = {matteo},
  Timestamp                = {2013.08.12}
}

@InProceedings{pub3,
  Title                    = {Open Source and Open Standards for using integrated geographic data on the web.},
  Author                   = {A.Felicetti AND M.Lorenzini},
  Booktitle                = {Future Technologies to empower Heritage Professionals. The 8th International Symposium on Virtual Reality, Archae- ology and Cultural Heritage Brighton},
  Year                     = {2007},
  Editor                   = {D.Arnold AND A.Chalmers AND F.Niccolucci},

  Owner                    = {matteo},
  Timestamp                = {2013.08.12}
}

@InProceedings{pub8,
  Title                    = {Metadata and tools for integration and preservation of cultural heritage 3D information.},
  Author                   = {A.Felicetti AND M.Lorenzini},
  Booktitle                = {CIPA 2011 scientific journal and symposium proceedings},
  Year                     = {2011},
  Editor                   = {K.Pavelka},
  Note                     = {ISBN 978-80-01-04885-6},

  Owner                    = {matteo},
  Timestamp                = {2013.08.12}
}

@InProceedings{pub2,
  Title                    = {Integrazione di dati archeologici geografici e non geografici con MAD.},
  Author                   = {A.Felicetti AND M.Lorenzini},
  Booktitle                = {atti del workshop Open Source, Free Software e Open Formats nei processi di ricerca archeologica},
  Year                     = {2007},

  Owner                    = {matteo},
  Timestamp                = {2013.08.12}
}

@InProceedings{pub6,
  Title                    = {Semantic enrichment of Geographic Data and 3D models for the management of archaeological features},
  Author                   = {A.Felicetti AND M.Lorenzini AND F.Niccolucci},
  Booktitle                = {VAST 2010 International Symposium on Virtual Reality, Archaeology and Cultural Heritage proceedings of conference},
  Year                     = {2010},
  Editor                   = {A.Artusi AND M.Joly-Parvex AND G.Lucet AND G.Ribes AND D.Pitzalis},

  Owner                    = {matteo},
  Timestamp                = {2013.08.12}
}

@InProceedings{pub5,
  Title                    = {A novel approach to 3D documentation and description of archaeological features.},
  Author                   = {A.D' Andrea AND M. Lorenzini AND M.Milanese},
  Booktitle                = {Proceedings of the 38th Interna- tional Conference on Computer Applications and Quantitative Methods in Archaeology (CAA)},
  Year                     = {2010},
  Editor                   = {F.Javier Melero AND P.Cano AND J.Revelles},
  Note                     = {ISBN:978-84-693-0772-4},

  Owner                    = {matteo},
  Timestamp                = {2013.08.12}
}

@InProceedings{pub11,
  Title                    = {Le API di Europeana come esempio di IIntegrazione rappresentazione delle risorse culturali},
  Author                   = {Lorenzini, M.},
  Booktitle                = {Archeologia e Calcolatori},
  Year                     = {2015},
  Editor                   = {P. Basso AND A. Caravale AND P. Grossi},
  Pages                    = {81 - 95},
  Volume                   = {26},

  Owner                    = {matteo},
  Timestamp                = {2017.03.20}
}

@Conference{pub12,
  Title                    = {3D RECONSTRUCTION OF THE LION TEMPLE AT MUSAWWARAT ES SUFRA: 3D MODEL AND DOMAIN ONTOLOGIES},
  Author                   = {Lorenzini, M.},
  Booktitle                = {Proceedings of the 11th internationalc conference for meroitic studis},
  Year                     = {2015},
  Editor                   = {M. H. Zach},
  Organization             = {University of Vienna},
  Pages                    = {381 - 388},

  Owner                    = {matteo},
  Timestamp                = {2017.03.20}
}

@InProceedings{pub4,
  Title                    = {Semantic approach to 3D historical reconstruction.},
  Author                   = {M.Lorenzini},
  Booktitle                = {International Archives of Photogram- metry, Remote Sensing and Spatial Information Sciences},
  Year                     = {2009},
  Editor                   = {L.Gonzo AND F.Remondino AND S.El-Hakim},
  Note                     = {ISSN 1682-1777},

  Owner                    = {matteo},
  Timestamp                = {2013.08.12}
}

@inproceedings{pub13,
  title={Semantic mapping from CMDI to PARTHENOS},
  author={Matej Durco and Matteo Lorenzini},
  year={2017}
}

@article{pub14,
  title={On assessing metadata completeness in digital cultural heritage repositories},
  author={Lorenzini, Matteo and Rospocher, Marco and Tonelli, Sara},
  journal={Digital Scholarship in the Humanities},
  volume={36},
  number={Supplement\_2},
  pages={ii182--ii188},
  year={2021},
  publisher={Oxford University Press}
}

@article{pub15,
  title={Automatically evaluating the quality of textual descriptions in cultural heritage records},
  author={Lorenzini, Matteo and Rospocher, Marco and Tonelli, Sara},
  journal={International Journal on Digital Libraries},
  volume={22},
  number={2},
  pages={217--231},
  year={2021},
  publisher={Springer}
}

@article{pub16,
  title={Automatic metadata curation of the cultural heritage resources},
  author={Lorenzini, Matteo}
}

@inproceedings{pub17,
  title={Something will be connected-Semantic mapping from CMDI to Parthenos Entities},
  author={Durco, Matej and Lorenzini, Matteo and Sugimoto, Go},
  booktitle={Selected papers from the CLARIN Annual Conference 2017, Budapest, 18--20 September 2017},
  number={147},
  pages={25--35},
  year={2018},
  organization={Link{\"o}ping University Electronic Press}
}

@article{pub18,
  title={Proposta per una valutazione automatica della completeness dei metadati nel contesto delle biblioteche digitali},
  author={Lorenzini, Matteo and Rospocher, Marco and Tonelli, Sara},
  journal={DigItalia},
  volume={15},
  number={2},
  pages={159--167},
  year={2020}
}

@article{pub19,
  title={SKOSifying User Generated Content},
  author={Masci, Maria Emilia and Lorenzini, Matteo and De Vizia Guerriero, Maria and Ciapetti, Andrea and Donnini, Alessandra},
  journal={SKOSifying User Generated Content},
  pages={137--142},
  year={2012},
  publisher={Firenze University Press}
}
